@book{Kurose,
 author = {Kurose, James F. and Ross, Keith},
 title = {Computer Networking: A Top-Down Approach Featuring the Internet},
 year = {2005},
 isbn = {0-321-22735-2},
 edition = {3nd},
 publisher = {Addison-Wesley Longman Publishing Co., Inc.},
 address = {Boston, MA, USA},
} 

@book{Tanenbaum,
  author = {Tanenbaum, Andrew},
  title = {Computer Networks},
  year = {2002},
  isbn = {0130661023},
  edition = {4th},
  publisher = {Prentice Hall Professional Technical Reference},
} 
